@article{choi2022curious,
  title     = {The curious case of commonsense intelligence},
  author    = {Choi, Yejin},
  journal   = {Daedalus},
  volume    = {151},
  number    = {2},
  pages     = {139--155},
  year      = {2022},
  publisher = {MIT Press One Rogers Street, Cambridge, MA 02142-1209, USA journals-info~â€¦}
}

@article{ghafoor2021impact,
  title     = {The impact of translating resource-rich datasets to low-resource languages through multi-lingual text processing},
  author    = {Ghafoor, Abdul and Imran, Ali Shariq and Daudpota, Sher Muhammad and Kastrati, Zenun and Batra, Rakhi and Wani, Mudasir Ahmad and others},
  journal   = {IEEE Access},
  volume    = {9},
  pages     = {124478--124490},
  year      = {2021},
  publisher = {IEEE}
}

@article{kocmi2023large,
  title   = {Large language models are state-of-the-art evaluators of translation quality},
  author  = {Kocmi, Tom and Federmann, Christian},
  journal = {arXiv preprint arXiv:2302.14520},
  year    = {2023}
}

@inproceedings{krause2023commonsense,
  title        = {Commonsense Reasoning and Explainable Artificial Intelligence Using Large Language Models},
  author       = {Krause, Stefanie and Stolzenburg, Frieder},
  booktitle    = {European Conference on Artificial Intelligence},
  pages        = {302--319},
  year         = {2023},
  organization = {Springer}
}

@article{lee2023survey,
  title     = {A survey on evaluation metrics for machine translation},
  author    = {Lee, Seungjun and Lee, Jungseob and Moon, Hyeonseok and Park, Chanjun and Seo, Jaehyung and Eo, Sugyeong and Koo, Seonmin and Lim, Heuiseok},
  journal   = {Mathematics},
  volume    = {11},
  number    = {4},
  pages     = {1006},
  year      = {2023},
  publisher = {MDPI}
}

@article{sap2019socialiqa,
  title   = {Socialiqa: Commonsense reasoning about social interactions},
  author  = {Sap, Maarten and Rashkin, Hannah and Chen, Derek and LeBras, Ronan and Choi, Yejin},
  journal = {arXiv preprint arXiv:1904.09728},
  year    = {2019}
}

@inproceedings{zellers2019recognition,
  title     = {From recognition to cognition: Visual commonsense reasoning},
  author    = {Zellers, Rowan and Bisk, Yonatan and Farhadi, Ali and Choi, Yejin},
  booktitle = {Proceedings of the IEEE/CVF conference on computer vision and pattern recognition},
  pages     = {6720--6731},
  year      = {2019}
}

