@article{lee2023survey,
  title={A survey on evaluation metrics for machine translation},
  author={Lee, Seungjun and Lee, Jungseob and Moon, Hyeonseok and Park, Chanjun and Seo, Jaehyung and Eo, Sugyeong and Koo, Seonmin and Lim, Heuiseok},
  journal={Mathematics},
  volume={11},
  number={4},
  pages={1006},
  year={2023},
  publisher={MDPI}
}